@article{buterin2013ethereum,
	url = {{https://github.com/ethereum/wiki/wiki/White-Paper}},
	author = {Vitalik Buterin},
	title = {{Ethereum: A Next-Generation Smart Contract and Decentralized Application Platform}},
	year = {{2013}},
}
@misc{ibm,
	author	=	{{Watson Marketing}},
	title	=	{{10 Key Marketing Trends for 2017}},
	howpublished =   "\url{https://www-01.ibm.com/common/ssi/cgi-bin/ssialias?htmlfid=WRL12345USEN}",
	year = {2017}, 
	note = "[Online; Accessed 28-Dec-2017]"
}
@misc{firefox,
	author	=	{{Mozilla Corporation},
	title	=	{{Firefox}},
	howpublished =   "\url{https://www.mozilla.org/en-US/firefox/new/}", 
	note = "[Online; Accessed 28-Dec-2017]"
}
@misc{mysql,
	author	=	{Oracle},
	title	=	{{MySQL}},
	howpublished =   "\url{https://github.com/mysql/mysql-server}", 
	note = "[Online; Accessed 28-Dec-2017]"
}
@misc{android,
	author	=	{{Google \& Open Handset Alliance }},
	title	=	{{Android}},
	howpublished =   "\url{https://www.android.com/}", 
	note = "[Online; Accessed 28-Dec-2017]"
}
@misc{linux,
	author	=	{Linus Torvalds and Community},
	title	=	{{Linux Kernel}},
	howpublished =   "\url{https://github.com/torvalds/linux}", 
	note = "[Online; Accessed 28-Dec-2017]"
}
@misc{wordpress,
	author	=	{Matt Mullenweg and Mike Little and Community},
	title	=	{{Wordpress}},
	howpublished =   "\url{https://wordpress.org}", 
	note = "[Online; Accessed 28-Dec-2017]"
}
@misc{vlc,
	author	=	{{Videolan Organization}},
	title	=	{{VLC Media Player}},
	howpublished =   "\url{https://www.videolan.org/vlc/}", 
	note = "[Online; Accessed 28-Dec-2017]"
}
@misc{kodi,
	author	=	{{XBMC Foundation}},
	title	=	{{Kodi}},
	howpublished =   "\url{https://kodi.tv/}", 
	note = "[Online; Accessed 28-Dec-2017]"
}
@misc{bsd,
	author	=	{{Regents of the University of California}},
	title	=	{{BSD Licenses}},
	howpublished =   "\url{https://en.wikipedia.org/wiki/BSD_licenses}", 
	note = "[Online; Accessed 28-Dec-2017]"
}
@misc{gpl,
	author	=	{Richard Stallman},
	title	=	{{GNU General Public License}},
	howpublished =   "\url{https://www.gnu.org/licenses/gpl.html}", 
	note = "[Online; Accessed 28-Dec-2017]"
}
@article{ipfs,
	url = {{https://arxiv.org/pdf/1407.3561.pdf}},
	author = {Juan Benet},
	title = {{IPFS - Content Addressed, Versioned, P2P File System}},
	year = {{2014}},
}
@article{bigchaindb,
	url = {{https://www.bigchaindb.com/whitepaper/bigchaindb-whitepaper.pdf}},
	author = {Trent McConaghy and others},
	title = {{BigchainDB: A Scalable Blockchain Database}},
	year = {{2016}},
}
@misc{apache,
	author	=	{{Apache Software Foundation}},
	title	=	{{Apache Licenses}},
	howpublished =   "\url{https://www.apache.org/licenses/}", 
	note = "[Online; Accessed 28-Dec-2017]"
}
@misc{mit,
	author	=	{{MIT}},
	title	=	{{MIT License}},
	howpublished =   "\url{https://en.wikipedia.org/wiki/MIT_License}", 
	note = "[Online; Accessed 28-Dec-2017]"
}
@misc{cc,
	author	=	{{Creative Commons}},
	title	=	{{Creative Commons Licenses}},
	howpublished =   "\url{https://creativecommons.org/licenses/}", 
	note = "[Online; Accessed 28-Dec-2017]"
}
@misc{adobe,
	author	=	{{Adobe Systems Inc.}},
	title	=	{{Adobe Creative Cloud Desktop Apps}},
	howpublished =   "\url{http://www.adobe.com/creativecloud/catalog/desktop.html}", 
	note = "[Online; Accessed 28-Dec-2017]"
}
@misc{erc20,
	author	=	{Fabian Vogelsteller and Vitalik Buterin},
	title	=	{{ERC-20 Token Standard}},
	howpublished =   "\url{https://github.com/ethereum/EIPs/blob/master/EIPS/eip-20-token-standard.md}", 
	note = "[Online; Accessed 28-Dec-2017]"
}
@book{pierre,
  author    = {Pierre Alexandre Lurin}, 
  title     = {Business Planning for Managers and Entrepreneurs},
  publisher = {Investaura Publications},
  year      = 2014, 
  isbn      = {3981373421}
}